@misc{bjuwebsite,
			howpublished = "\url{http://www.hopkinssports.com/bluejays-unlimited/}",
			title = "{B}lue {J}ays {U}nlimited - {J}ohns {H}opkins {O}fficial {A}thletics {S}ite",
			note = {Accessed: 10/12/2012}
}

@misc{wiki,
			howpublished = "\url{http://en.wikipedia.org/wiki/Homewood\_Field}",
      title = "{H}omewood {F}ield",
      note = {Accessed: 10/12/2012}
      
}

@misc{hopathletic,
			howpublished = "\url{http://www.hopkinssports.com/trads/conference-champs.html}",
			title = "{J}ohns {H}opkins {T}radition",
			note = {Accessed: 11/02/2012}
}

@Article{Jamieson_2010,
  author =       {Jeremy P. Jamieson},
  title =        {The {H}ome {F}ield {A}dvantage in {A}thletics: {A} {M}eta-{A}nalysis },
  journal =      "Journal of Applied Social Psychology",
  year =         {2010},
  volume =    {40},
  number =    {7},
  pages =     {1819-1848},
}

@Article{Snyder_1985,
  author =       {E.E. Snyder and D.A. Purdy},
  title =        {The {H}ome {A}dvantage in {C}ollegiate {B}asketball},
  journal =      "Sociology of Sport Journal",
  year =         {1985},
  volume =    {2},
  number =    {4},
  pages =     {352-356},
}

@BOOK{DI2003,
author= {Roger Evertt},
editor = {},
title = {Diffusion of {I}nnovations},
publisher ={Free Press, A Division of Simon and Schuster Inc.},
year={2003},
edition = {5th},
otherinfo={},
}